%% This BibTeX bibliography file was created using BibDesk.
%% http://bibdesk.sourceforge.net/


%% Created for Juste Raimbault at 2014-04-03 18:39:00 +0200 


%% Saved with string encoding Occidental (ISO Latin 1) 



@book{adamatzky2010physarum,
	Author = {Adamatzky, Andrew},
	Date-Added = {2014-04-03 13:29:03 +0000},
	Date-Modified = {2014-04-03 13:29:03 +0000},
	Publisher = {World Scientific},
	Title = {Physarum machines: computers from slime mould},
	Volume = {74},
	Year = {2010},
	Bdsk-File-1 = {YnBsaXN0MDDUAQIDBAUGJCVYJHZlcnNpb25YJG9iamVjdHNZJGFyY2hpdmVyVCR0b3ASAAGGoKgHCBMUFRYaIVUkbnVsbNMJCgsMDRBWJGNsYXNzV05TLmtleXNaTlMub2JqZWN0c4AHog4PgAKAA6IREoAEgAVccmVsYXRpdmVQYXRoWWFsaWFzRGF0YV8QLkRvY3MvUGh5c2FydW1NYWNoaW5lc19QcmVmYWNlXzc5NjhfcHJlZmFjZS5wZGbSCRcYGVdOUy5kYXRhgAZPEQJ8AAAAAAJ8AAIAAAxNYWNpbnRvc2ggSEQAAAAAAAAAAAAAAAAAAADKQQYMSCsAAAGVlHcfUGh5c2FydW1NYWNoaW5lc19QciMxOTYzMjQxLnBkZgAAAAAAAAAAAAAAAAAAAAAAAAAAAAAAAAAAAAAAAAAAAZYyQc9jLssAAAAAAAAAAAABAAMAAAkgAAAAAAAAAAAAAAAAAAAABERvY3MAEAAIAADKQOnsAAAAEQAIAADPYxKrAAAAAQAgAZWUdwGVlCYBlZQiAKDYqQCQwikABQIVAAUCFAAAvuwAAgCPTWFjaW50b3NoIEhEOlVzZXJzOgBKdXN0ZToARG9jdW1lbnRzOgBDb21wbGV4U3lzdGVtczoAUHJvamV0TmV0d29ya0dlbmVyYXRpb246AE5ldHdvcmtHZW5lcmF0aW9uOgBCaWJsaW86AERvY3M6AFBoeXNhcnVtTWFjaGluZXNfUHIjMTk2MzI0MS5wZGYAAA4AVAApAFAAaAB5AHMAYQByAHUAbQBNAGEAYwBoAGkAbgBlAHMAXwBQAHIAZQBmAGEAYwBlAF8ANwA5ADYAOABfAHAAcgBlAGYAYQBjAGUALgBwAGQAZgAPABoADABNAGEAYwBpAG4AdABvAHMAaAAgAEgARAASAIRVc2Vycy9KdXN0ZS9Eb2N1bWVudHMvQ29tcGxleFN5c3RlbXMvUHJvamV0TmV0d29ya0dlbmVyYXRpb24vTmV0d29ya0dlbmVyYXRpb24vQmlibGlvL0RvY3MvUGh5c2FydW1NYWNoaW5lc19QcmVmYWNlXzc5NjhfcHJlZmFjZS5wZGYAEwABLwAAFQACAAz//wAA0hscHR5aJGNsYXNzbmFtZVgkY2xhc3Nlc11OU011dGFibGVEYXRhox0fIFZOU0RhdGFYTlNPYmplY3TSGxwiI1xOU0RpY3Rpb25hcnmiIiBfEA9OU0tleWVkQXJjaGl2ZXLRJidUcm9vdIABAAgAEQAaACMALQAyADcAQABGAE0AVABcAGcAaQBsAG4AcABzAHUAdwCEAI4AvwDEAMwAzgNOA1MDXgNnA3UDeQOAA4kDjgObA54DsAOzA7gAAAAAAAACAQAAAAAAAAAoAAAAAAAAAAAAAAAAAAADug==}}

@article{Bebber22092007,
	Abstract = {Transport networks are vital components of multicellular organisms, distributing nutrients and removing waste products. Animal and plant transport systems are branching trees whose architecture is linked to universal scaling laws in these organisms. In contrast, many fungi form reticulated mycelia via the branching and fusion of thread-like hyphae that continuously adapt to the environment. Fungal networks have evolved to explore and exploit a patchy environment, rather than ramify through a three-dimensional organism. However, there has been no explicit analysis of the network structures formed, their dynamic behaviour nor how either impact on their ecological function. Using the woodland saprotroph Phanerochaete velutina, we show that fungal networks can display both high transport capacity and robustness to damage. These properties are enhanced as the network grows, while the relative cost of building the network decreases. Thus, mycelia achieve the seemingly competing goals of efficient transport and robustness, with decreasing relative investment, by selective reinforcement and recycling of transport pathways. Fungal networks demonstrate that indeterminate, decentralized systems can yield highly adaptive networks. Understanding how these relatively simple organisms have found effective transport networks through a process of natural selection may inform the design of man-made networks.},
	Author = {Bebber, Daniel P and Hynes, Juliet and Darrah, Peter R and Boddy, Lynne and Fricker, Mark D},
	Date-Added = {2014-04-03 13:23:28 +0000},
	Date-Modified = {2014-04-03 13:23:28 +0000},
	Doi = {10.1098/rspb.2007.0459},
	Eprint = {http://rspb.royalsocietypublishing.org/content/274/1623/2307.full.pdf+html},
	Journal = {Proceedings of the Royal Society B: Biological Sciences},
	Number = {1623},
	Pages = {2307-2315},
	Title = {Biological solutions to transport network design},
	Url = {http://rspb.royalsocietypublishing.org/content/274/1623/2307.abstract},
	Volume = {274},
	Year = {2007},
	Bdsk-File-1 = {YnBsaXN0MDDUAQIDBAUGJCVYJHZlcnNpb25YJG9iamVjdHNZJGFyY2hpdmVyVCR0b3ASAAGGoKgHCBMUFRYaIVUkbnVsbNMJCgsMDRBWJGNsYXNzV05TLmtleXNaTlMub2JqZWN0c4AHog4PgAKAA6IREoAEgAVccmVsYXRpdmVQYXRoWWFsaWFzRGF0YV8QRERvY3MvTmV0d29ya0Jpb2xvZ2ljYWxEZXNpZ25fUHJvYy4gUi4gU29jLiBCLTIwMDctQmViYmVyLTIzMDctMTUucGRm0gkXGBlXTlMuZGF0YYAGTxECvgAAAAACvgACAAAMTWFjaW50b3NoIEhEAAAAAAAAAAAAAAAAAAAAykEGDEgrAAABlZR3H05ldHdvcmtCaW9sb2dpY2FsRGUjMTk2MkEzQy5wZGYAAAAAAAAAAAAAAAAAAAAAAAAAAAAAAAAAAAAAAAAAAAGWKjzPYyx/AAAAAAAAAAAAAQADAAAJIAAAAAAAAAAAAAAAAAAAAAREb2NzABAACAAAykDp7AAAABEACAAAz2MQXwAAAAEAIAGVlHcBlZQmAZWUIgCg2KkAkMIpAAUCFQAFAhQAAL7sAAIAj01hY2ludG9zaCBIRDpVc2VyczoASnVzdGU6AERvY3VtZW50czoAQ29tcGxleFN5c3RlbXM6AFByb2pldE5ldHdvcmtHZW5lcmF0aW9uOgBOZXR3b3JrR2VuZXJhdGlvbjoAQmlibGlvOgBEb2NzOgBOZXR3b3JrQmlvbG9naWNhbERlIzE5NjJBM0MucGRmAAAOAIAAPwBOAGUAdAB3AG8AcgBrAEIAaQBvAGwAbwBnAGkAYwBhAGwARABlAHMAaQBnAG4AXwBQAHIAbwBjAC4AIABSAC4AIABTAG8AYwAuACAAQgAtADIAMAAwADcALQBCAGUAYgBiAGUAcgAtADIAMwAwADcALQAxADUALgBwAGQAZgAPABoADABNAGEAYwBpAG4AdABvAHMAaAAgAEgARAASAJpVc2Vycy9KdXN0ZS9Eb2N1bWVudHMvQ29tcGxleFN5c3RlbXMvUHJvamV0TmV0d29ya0dlbmVyYXRpb24vTmV0d29ya0dlbmVyYXRpb24vQmlibGlvL0RvY3MvTmV0d29ya0Jpb2xvZ2ljYWxEZXNpZ25fUHJvYy4gUi4gU29jLiBCLTIwMDctQmViYmVyLTIzMDctMTUucGRmABMAAS8AABUAAgAM//8AANIbHB0eWiRjbGFzc25hbWVYJGNsYXNzZXNdTlNNdXRhYmxlRGF0YaMdHyBWTlNEYXRhWE5TT2JqZWN00hscIiNcTlNEaWN0aW9uYXJ5oiIgXxAPTlNLZXllZEFyY2hpdmVy0SYnVHJvb3SAAQAIABEAGgAjAC0AMgA3AEAARgBNAFQAXABnAGkAbABuAHAAcwB1AHcAhACOANUA2gDiAOQDpgOrA7YDvwPNA9ED2APhA+YD8wP2BAgECwQQAAAAAAAAAgEAAAAAAAAAKAAAAAAAAAAAAAAAAAAABBI=},
	Bdsk-Url-1 = {http://rspb.royalsocietypublishing.org/content/274/1623/2307.abstract},
	Bdsk-Url-2 = {http://dx.doi.org/10.1098/rspb.2007.0459}}

@article{adamatzky2010road,
	Author = {Adamatzky, Andrew and Jones, Jeff},
	Date-Added = {2014-04-03 13:17:59 +0000},
	Date-Modified = {2014-04-03 13:17:59 +0000},
	Journal = {International Journal of Bifurcation and Chaos},
	Number = {10},
	Pages = {3065--3084},
	Publisher = {World Scientific},
	Title = {Road planning with slime mould: if Physarum built motorways it would route M6/M74 through Newcastle},
	Volume = {20},
	Year = {2010},
	Bdsk-File-1 = {YnBsaXN0MDDUAQIDBAUGJCVYJHZlcnNpb25YJG9iamVjdHNZJGFyY2hpdmVyVCR0b3ASAAGGoKgHCBMUFRYaIVUkbnVsbNMJCgsMDRBWJGNsYXNzV05TLmtleXNaTlMub2JqZWN0c4AHog4PgAKAA6IREoAEgAVccmVsYXRpdmVQYXRoWWFsaWFzRGF0YV8QLERvY3MvU2xpbWVNb3VsZEJ1aWxkc21vdG9yd2F5c18wOTEyLjM5NjcucGRm0gkXGBlXTlMuZGF0YYAGTxECdgAAAAACdgACAAAMTWFjaW50b3NoIEhEAAAAAAAAAAAAAAAAAAAAykEGDEgrAAABlZR3H1NsaW1lTW91bGRCdWlsZHNtb3QjMTk2MjA5Ny5wZGYAAAAAAAAAAAAAAAAAAAAAAAAAAAAAAAAAAAAAAAAAAAGWIJfPYysnAAAAAAAAAAAAAQADAAAJIAAAAAAAAAAAAAAAAAAAAAREb2NzABAACAAAykDp7AAAABEACAAAz2MPBwAAAAEAIAGVlHcBlZQmAZWUIgCg2KkAkMIpAAUCFQAFAhQAAL7sAAIAj01hY2ludG9zaCBIRDpVc2VyczoASnVzdGU6AERvY3VtZW50czoAQ29tcGxleFN5c3RlbXM6AFByb2pldE5ldHdvcmtHZW5lcmF0aW9uOgBOZXR3b3JrR2VuZXJhdGlvbjoAQmlibGlvOgBEb2NzOgBTbGltZU1vdWxkQnVpbGRzbW90IzE5NjIwOTcucGRmAAAOAFAAJwBTAGwAaQBtAGUATQBvAHUAbABkAEIAdQBpAGwAZABzAG0AbwB0AG8AcgB3AGEAeQBzAF8AMAA5ADEAMgAuADMAOQA2ADcALgBwAGQAZgAPABoADABNAGEAYwBpAG4AdABvAHMAaAAgAEgARAASAIJVc2Vycy9KdXN0ZS9Eb2N1bWVudHMvQ29tcGxleFN5c3RlbXMvUHJvamV0TmV0d29ya0dlbmVyYXRpb24vTmV0d29ya0dlbmVyYXRpb24vQmlibGlvL0RvY3MvU2xpbWVNb3VsZEJ1aWxkc21vdG9yd2F5c18wOTEyLjM5NjcucGRmABMAAS8AABUAAgAM//8AANIbHB0eWiRjbGFzc25hbWVYJGNsYXNzZXNdTlNNdXRhYmxlRGF0YaMdHyBWTlNEYXRhWE5TT2JqZWN00hscIiNcTlNEaWN0aW9uYXJ5oiIgXxAPTlNLZXllZEFyY2hpdmVy0SYnVHJvb3SAAQAIABEAGgAjAC0AMgA3AEAARgBNAFQAXABnAGkAbABuAHAAcwB1AHcAhACOAL0AwgDKAMwDRgNLA1YDXwNtA3EDeAOBA4YDkwOWA6gDqwOwAAAAAAAAAgEAAAAAAAAAKAAAAAAAAAAAAAAAAAAAA7I=}}

@article{levinson2006self,
	Author = {Levinson, David and Yerra, Bhanu},
	Date-Added = {2014-04-03 11:10:20 +0000},
	Date-Modified = {2014-04-03 11:10:20 +0000},
	Journal = {Transportation Science},
	Number = {2},
	Pages = {179--188},
	Publisher = {INFORMS},
	Title = {Self-organization of surface transportation networks},
	Volume = {40},
	Year = {2006},
	Bdsk-File-1 = {YnBsaXN0MDDUAQIDBAUGJCVYJHZlcnNpb25YJG9iamVjdHNZJGFyY2hpdmVyVCR0b3ASAAGGoKgHCBMUFRYaIVUkbnVsbNMJCgsMDRBWJGNsYXNzV05TLmtleXNaTlMub2JqZWN0c4AHog4PgAKAA6IREoAEgAVccmVsYXRpdmVQYXRoWWFsaWFzRGF0YV8QGURvY3Mvc2VsZm9yZ2FuaXphdGlvbi5wZGbSCRcYGVdOUy5kYXRhgAZPEQIyAAAAAAIyAAIAAAxNYWNpbnRvc2ggSEQAAAAAAAAAAAAAAAAAAADKQQYMSCsAAAGVlHcUc2VsZm9yZ2FuaXphdGlvbi5wZGYAAAAAAAAAAAAAAAAAAAAAAAAAAAAAAAAAAAAAAAAAAAAAAAAAAAAAAAAAAZWjD89jDg4AAAAAAAAAAAABAAMAAAkgAAAAAAAAAAAAAAAAAAAABERvY3MAEAAIAADKQOnsAAAAEQAIAADPYvHuAAAAAQAgAZWUdwGVlCYBlZQiAKDYqQCQwikABQIVAAUCFAAAvuwAAgCETWFjaW50b3NoIEhEOlVzZXJzOgBKdXN0ZToARG9jdW1lbnRzOgBDb21wbGV4U3lzdGVtczoAUHJvamV0TmV0d29ya0dlbmVyYXRpb246AE5ldHdvcmtHZW5lcmF0aW9uOgBCaWJsaW86AERvY3M6AHNlbGZvcmdhbml6YXRpb24ucGRmAA4AKgAUAHMAZQBsAGYAbwByAGcAYQBuAGkAegBhAHQAaQBvAG4ALgBwAGQAZgAPABoADABNAGEAYwBpAG4AdABvAHMAaAAgAEgARAASAG9Vc2Vycy9KdXN0ZS9Eb2N1bWVudHMvQ29tcGxleFN5c3RlbXMvUHJvamV0TmV0d29ya0dlbmVyYXRpb24vTmV0d29ya0dlbmVyYXRpb24vQmlibGlvL0RvY3Mvc2VsZm9yZ2FuaXphdGlvbi5wZGYAABMAAS8AABUAAgAM//8AANIbHB0eWiRjbGFzc25hbWVYJGNsYXNzZXNdTlNNdXRhYmxlRGF0YaMdHyBWTlNEYXRhWE5TT2JqZWN00hscIiNcTlNEaWN0aW9uYXJ5oiIgXxAPTlNLZXllZEFyY2hpdmVy0SYnVHJvb3SAAQAIABEAGgAjAC0AMgA3AEAARgBNAFQAXABnAGkAbABuAHAAcwB1AHcAhACOAKoArwC3ALkC7wL0Av8DCAMWAxoDIQMqAy8DPAM/A1EDVANZAAAAAAAAAgEAAAAAAAAAKAAAAAAAAAAAAAAAAAAAA1s=}}
